
@book{ARTIN1964,
  author         = {ARTIN, E.},
  publisher      = {Holt, Rinehart and Winston, Inc.},
  city           = {New York},
  title          = {The Gamma Function},
  year           = {1964}
}

@book{BOAS1960,
  author         = {BOAS, R. P.},
  volume         = {Carus Mathematical Monograph No. 13},
  publisher      = {John Wiley \& Sons, Inc.},
  city           = {New York},
  title          = {A Primer of Real Functions},
  year           = {1960}
}

@book{BUCK1962,
  author         = {BUCK, R. C.},
  publisher      = {Prentice-Hall, Inc.},
  title          = {Studies in Modern Analysis},
  year           = {1962}
}

@book{unknown1965AdvancedCalculus,
  author         = {unknown},
  publisher      = {McGraw-Hill Book Company},
  city           = {New York},
  title          = {Advanced Calculus},
  year           = {1965}
}

@book{BURKILL1951,
  author         = {BURKILL, J. C.},
  publisher      = {Cambridge University Press},
  city           = {New York},
  title          = {The Lebesgue Integral},
  year           = {1951}
}

@book{DIEUDONNE1960,
  author         = {DIEUDONNE, J.},
  publisher      = {Academic Press, Inc.},
  city           = {New York},
  title          = {Foundations of Modern Analysis},
  year           = {1960}
}

@book{FLEMING1965,
  author         = {FLEMING, W. H.},
  volume         = {Reading, Mass.},
  publisher      = {Addison-Wesley Publishing Company, Inc.},
  title          = {Functions of Several Variables},
  year           = {1965}
}

@book{GRAVES1956,
  author         = {GRAVES, L.M.},
  publisher      = {McGraw-Hill Book Company},  
  city           = {New York},
  title          = {The Theory of Functions of Real Variables},
  year           = {1956}
}

@book{HALMOS1950,
  author         = {HALMOS, P. R.},
  publisher      = {D. Van Nostrand Company, Inc.},
  city           = {Princeton, N.J.},
  title          = {Measure Theory},
  year           = {1950}
}

@book{unknown1958Finite-dimensionalVectorSpaces,
  author         = {unknown},
  publisher      = {D. Van Nostrand Company, Inc.},
  city           = {Princeton, N.J.},
  title          = {Finite-dimensional Vector Spaces},
  year           = {1958}
}

@book{HARDY1947,
  author         = {HARDY, G. H.},
  publisher      = {Cambridge University Press},
  city           = {New York},
  title          = {Pure Mathematics},
  year           = {1947}
}

@book{ROGOSINSKI1950,
  author         = {unknown and ROGOSINSKI, W.},
  publisher      = {Cambridge University Press},
  city           = {New York},
  title          = {Fourier Series},
  year           = {1950}
}

@book{HERSTEIN1964,
  author         = {HERSTEIN, I. N.},
  publisher      = {Blaisdell Publishing Company},
  city           = {New York},
  title          = {Topics in Algebra},
  year           = {1964}
}

@book{HEWITT1965,
  author         = {HEWITT, E. and STROMBERG, K.},
  publisher      = {Springer Publishing Co., Inc.},
  city           = {New York},
  title          = {Real and Abstract Analysis},
  year           = {1965}
}

@book{KELLOGG1940,
  author         = {KELLOGG, O. D.},
  publisher      = {Frederick Ungar Publishing Co,},
  city           = {New York},
  title          = {Foundations of Potential Theory},
  year           = {1940}
}

@book{KNOPP1928,
  author         = {KNOPP, K.},
  publisher      = {Blackie \& Son, Ltd.},
  city           = {Glasgow},
  title          = {Theory and Applicaiton of Infinite Series},
  year           = {1928}
}

@book{LANDAU1951,
  author         = {LANDAU, E. G. H.},
  publisher      = {Chelsea Publishing Company},
  city           = {New York},
  title          = {Foundations of Analysis},
  year           = {1951}
}

@book{MCSHANE1944,
  author         = {MCSHANE, E. J.},
  publisher      = {Princeton University Press},
  city           = {Princeton, N. J.},
  title          = {Integration},
  year           = {1944}
}

@book{NIVEN1956,
  author         = {NIVEN, I. M.},
  volume         = {Carus Mathematical Monograph No. 11},
  publisher      = {Wiley \& Sons, Inc.},
  city           = {New York},
  title          = {Irrational Numbers},
  year           = {1956}
}

@book{ROYDEN1963,
  author         = {ROYDEN, H. L.},
  publisher      = {The Macmillan Company},
  city           = {New York},
  title          = {Real Analysis},
  year           = {1963}
}

@book{RUDIN1974_bigrudin,
  author         = {RUDIN, W.},
  publisher      = {McGraw-Hill Book Company},
  city           = {New York},
  title          = {Real and Complex Analysis},
  year           = {1974}
}

@book{SIMMONS1963,
  author         = {SIMMONS, G. F.},
  publisher      = {McGraw-Hill Book Company},
  city           = {New York},
  title          = {Topology and Modern Analysis},
  year           = {1963}
}

@book{SINGER1967,
  author         = {SINGER, I. M. and THORPE, J. A.},
  publisher      = {Scott, Foresman and Company},
  city           = {Glenview, Ill},
  title          = {Lecture Notes on Elementary Topology and Geometry},
  year           = {1967}
}

@book{SMITH1971,
  author         = {SMITH, K. T.},
  publisher      = {Bogden and Quigley, Tarrytown-on-Hudson},
  city           = {New York},
  title          = {Primer of Modern Analysis},
  year           = {1971}
}

@book{SPIVAK1965,
  author         = {SPIVAK, M.},
  publisher      = {W. A. Benjamin, Inc.},
  city           = {New York},
  title          = {Calculus on Manifolds},
  year           = {1965}
}

@book{THURSTON1956,
  author         = {THURSTON, H. A.},
  publisher      = {Blackie \& Son, Ltd.},
  city           = {London-Glasgow},
  title          = {The Number System},
  year           = {1956}
}